<?xml version="1.0" encoding="UTF-8"?><collection xmlns="http://www.loc.gov/MARC21/slim"><record><leader>00558nam--2200169-i-4500</leader><controlfield tag="001">000012649</controlfield><controlfield tag="002">20161230</controlfield><controlfield tag="005">20161230201029</controlfield><controlfield tag="008">060222s1000------------r-----000-0-eng-d</controlfield><datafield ind1=" " ind2=" " tag="040"><subfield code="a">IFIN-HH</subfield></datafield><datafield ind1=" " ind2=" " tag="080"><subfield code="a">539.166(043)</subfield></datafield><datafield ind1="1" ind2=" " tag="100"><subfield code="a">Bueno De Mesquita, Karel Gerard</subfield></datafield><datafield ind1="1" ind2="0" tag="245"><subfield code="a">Cross sections for charged-particle induced nuclear reactions studies with in-beam gamma-ray spectroscopy</subfield><subfield code="b">Dissertation</subfield><subfield code="c">Karel gerard bueno de mesquita</subfield></datafield><datafield ind1=" " ind2=" " tag="260"><subfield code="a">Amsterdam</subfield><subfield code="b">Universiteit</subfield><subfield code="c">1977</subfield></datafield><datafield ind1=" " ind2=" " tag="300"><subfield code="a">V + 146 P</subfield></datafield><datafield ind1=" " ind2=" " tag="852"><subfield code="a">45995</subfield><subfield code="c">539.16</subfield></datafield><datafield ind1=" " ind2=" " tag="CAT"><subfield code="a">Sys</subfield><subfield code="c">20120515</subfield><subfield code="h">161046</subfield></datafield></record></collection>